@misc{magin_2024_13934967,
  author        = {Magin, Justus and Bovy, Benoit and Delouis, Jean-Marc and Fouilloux, Anne and Coca-Castro, Alejandro and Abernathey, Ryan and Strobl, Peter and Kmoch, Alexander and Odaka, Tina Erica},
  title         = "{Advancing Geospatial Data Analysis with XDGGS}",
  year          = 2024,
  month         = oct,
  doi           = {10.5281/zenodo.13934967},
  publisher     = {Zenodo},
  url           = {https://doi.org/10.5281/zenodo.13934967},
  version       = {1.0},
}

@article{isprs-archives-XLVIII-4-W12-2024-75-2024,
  author        = {Kmoch, A. and Bovy, B. and Magin, J. and Abernathey, R. and Coca-Castro, A. and Strobl, P. and Fouilloux, A. and Loos, D. and Uuemaa, E. and Chan, W. T. and Delouis, J.-M. and Odaka, T.},
  title         = "{XDGGS: A community-developed Xarray package to support planetary DGGS data cube computations}",
  journal       = {The International Archives of the Photogrammetry, Remote Sensing and Spatial Information Sciences},
  year          = 2024,
  volume        = {XLVIII-4/W12-2024},
  pages         = {75--80},
  doi           = {10.5194/isprs-archives-XLVIII-4-W12-2024-75-2024},
  url           = {https://isprs-archives.copernicus.org/articles/XLVIII-4-W12-2024/75/2024/},
}

@inproceedings{kmoch2024,
  title         = {{{XDGGS}}: {{Xarray Extension}} for {{Discrete Global Grid Systems}} ({{DGGS}})},
  shorttitle    = {{XDGGS}},
  author        = {Kmoch, Alexander and Bovy, Beno{\^i}t and Magin, Justus and Abernathey, Ryan and Strobl, Peter and {Coca-Castro}, Alejandro and Fouilloux, Anne and Loos, Daniel and Odaka, Tina},
  year          = {2024},
  month         = Apr,
  booktitle     = {{{EGU General Assembly}} 2024},
  address       = {Vienna, Austria, 14-19 Apr 2024},
  doi           = {10.5194/egusphere-egu24-15416},
  urldate       = {2024-11-18},
}
